@article{magdon2004maximum,
  title={Maximum drawdown},
  author={Magdon-Ismail, Malik and Atiya, Amir F},
  journal={Risk Magazine},
  volume={17},
  number={10},
  pages={99--102},
  year={2004}
}

%Calmar Ratio
@article{young1991calmar,
  title={Calmar ratio: A smoother tool},
  author={Young, Terry W},
  journal={Futures},
  volume={20},
  number={1},
  pages={40},
  year={1991}
}

%MVO
@article{10.2307/2975974,
 ISSN = {00221082, 15406261},
 URL = {http://www.jstor.org/stable/2975974},
 author = {Harry Markowitz},
 journal = {The Journal of Finance},
 number = {1},
 pages = {77--91},
 publisher = {[American Finance Association, Wiley]},
 title = {Portfolio Selection},
 volume = {7},
 year = {1952}
}

@article {
    Sharpe49,
	author = {Sharpe, William F.},
	title = {The Sharpe Ratio},
	volume = {21},
	number = {1},
	pages = {49--58},
	year = {1994},
	doi = {10.3905/jpm.1994.409501},
	publisher = {Institutional Investor Journals Umbrella},
	issn = {0095-4918},
	URL = {https://jpm.pm-research.com/content/21/1/49},
	eprint = {https://jpm.pm-research.com/content/21/1/49.full.pdf},
	journal = {The Journal of Portfolio Management}
}
