
@article{FISCHER2018654,
    title = "Deep learning with long short-term memory networks for financial market predictions",
    journal = "European Journal of Operational Research",
    volume = "270",
    number = "2",
    pages = "654 - 669",
    year = "2018",
    issn = "0377-2217",
    doi = "https://doi.org/10.1016/j.ejor.2017.11.054",
    url = "http://www.sciencedirect.com/science/article/pii/S0377221717310652",
    author = "Thomas Fischer and Christopher Krauss",
    keywords = "Finance, Statistical arbitrage, LSTM, Machine learning, Deep learning"
}

@article{KRAUSS2017689,
    title = "Deep neural networks, gradient-boosted trees, random forests: Statistical arbitrage on the S\&P 500",
    journal = "European Journal of Operational Research",
    volume = "259",
    number = "2",
    pages = "689 - 702",
    year = "2017",
    issn = "0377-2217",
    doi = "https://doi.org/10.1016/j.ejor.2016.10.031",
    url = "http://www.sciencedirect.com/science/article/pii/S0377221716308657",
    author = "Christopher Krauss and Xuan Anh Do and Nicolas Huck",
    keywords = "Finance, Deep learning, Gradient-boosting, Random forests, Ensemble learning"
}

@ARTICLE{935097,
  author={J. {Moody} and M. {Saffell}},
  journal={IEEE Transactions on Neural Networks}, 
  title={Learning to trade via direct reinforcement}, 
  year={2001},
  volume={12},
  number={4},
  pages={875-889},}

@article{
    BERUTICH2016307,
    title = "Robust technical trading strategies using GP for algorithmic portfolio selection",
    journal = "Expert Systems with Applications",
    volume = "46",
    pages = "307 - 315",
    year = "2016",
    issn = "0957-4174",
    doi = "https://doi.org/10.1016/j.eswa.2015.10.040",
    url = "http://www.sciencedirect.com/science/article/pii/S0957417415007447",
    author = "José Manuel Berutich and Francisco López and Francisco Luna and David Quintana",
    keywords = "Genetic programming, Algorithmic trading, Portfolio management, Trading rule, Finance"
}

@article{
    AdaptivePortfolioTradingSystem,
    title ="An adaptive portfolio trading system: A risk-return portfolio optimization using recurrent reinforcement learning with expected maximum drawdown",
    author="Saud Almahdi",
    journal = "Expert Systems with Applications",
    volume =  "87",
    pages = "267--279",
    year="2017"
}

@ARTICLE{OpenAIGym,
    author = {{Brockman}, Greg and {Cheung}, Vicki and {Pettersson}, Ludwig and
         {Schneider}, Jonas and {Schulman}, John and {Tang}, Jie and
         {Zaremba}, Wojciech},
        title = "{OpenAI Gym}",
      journal = {arXiv e-prints},
     keywords = {Computer Science - Machine Learning, Computer Science - Artificial Intelligence},
         year = 2016,
        month = jun,
          eid = {arXiv:1606.01540},
        pages = {arXiv:1606.01540},
    archivePrefix = {arXiv},
       eprint = {1606.01540},
    primaryClass = {cs.LG},
       adsurl = {https://ui.adsabs.harvard.edu/abs/2016arXiv160601540B},
      adsnote = {Provided by the SAO/NASA Astrophysics Data System}
}

@ARTICLE{DDPG,
    author = {{Lillicrap}, Timothy P. and {Hunt}, Jonathan J. and {Pritzel}, Alexander and {Heess}, Nicolas and {Erez}, Tom and {Tassa}, Yuval and
    {Silver}, David and {Wierstra}, Daan},
    title = "{Continuous control with deep reinforcement learning}",
    journal = {arXiv e-prints},
    keywords = {Computer Science - Machine Learning, Statistics - Machine Learning},
    year = 2015,
    month = sep,
    eid = {arXiv:1509.02971},
    pages = {arXiv:1509.02971},
    archivePrefix = {arXiv},
    eprint = {1509.02971},
    primaryClass = {cs.LG},
    adsurl = {https://ui.adsabs.harvard.edu/abs/2015arXiv150902971L},
    adsnote = {Provided by the SAO/NASA Astrophysics Data System}
}

@misc{haarnoja2018soft,
      title={Soft Actor-Critic: Off-Policy Maximum Entropy Deep Reinforcement Learning with a Stochastic Actor}, 
      author={Tuomas Haarnoja and Aurick Zhou and Pieter Abbeel and Sergey Levine},
      year={2018},
      eprint={1801.01290},
      archivePrefix={arXiv},
      primaryClass={cs.LG}
}