@Article{
    Tversky1992,
    author={Tversky, Amos
    and Kahneman, Daniel},
    title={Advances in prospect theory: Cumulative representation of uncertainty},
    journal={Journal of Risk and Uncertainty},
    year={1992},
    month={Oct},
    day={01},
    volume={5},
    number={4},
    pages={297-323}},
    issn={1573-0476},
    doi={10.1007/BF00122574},
    url={https://doi.org/10.1007/BF00122574}
}


