@booklet{ Ethereum,
	author = "Vitalik Buterin",
	title = "A next-generation smart contract and decentralized application platform",
	year = "2014",
	howpublished = "\url{https://github.com/ethereum/wiki/wiki/White-Paper}"
}

@article{
    AdaptivePortfolioTradingSystem,
    title ="An adaptive portfolio trading system: A risk-return portfolio optimization using recurrent reinforcement learning with expected maximum drawdown",
    author="Saud Almahdi",
    journal = "Expert Systems with Applications",
    volume =  "87",
    pages = "267--279",
    year="2017"
}

@ARTICLE{OpenAIGym,
    author = {{Brockman}, Greg and {Cheung}, Vicki and {Pettersson}, Ludwig and
         {Schneider}, Jonas and {Schulman}, John and {Tang}, Jie and
         {Zaremba}, Wojciech},
        title = "{OpenAI Gym}",
      journal = {arXiv e-prints},
     keywords = {Computer Science - Machine Learning, Computer Science - Artificial Intelligence},
         year = 2016,
        month = jun,
          eid = {arXiv:1606.01540},
        pages = {arXiv:1606.01540},
    archivePrefix = {arXiv},
       eprint = {1606.01540},
    primaryClass = {cs.LG},
       adsurl = {https://ui.adsabs.harvard.edu/abs/2016arXiv160601540B},
      adsnote = {Provided by the SAO/NASA Astrophysics Data System}
}

@ARTICLE{DDPG,
    author = {{Lillicrap}, Timothy P. and {Hunt}, Jonathan J. and {Pritzel}, Alexander and {Heess}, Nicolas and {Erez}, Tom and {Tassa}, Yuval and
    {Silver}, David and {Wierstra}, Daan},
    title = "{Continuous control with deep reinforcement learning}",
    journal = {arXiv e-prints},
    keywords = {Computer Science - Machine Learning, Statistics - Machine Learning},
    year = 2015,
    month = sep,
    eid = {arXiv:1509.02971},
    pages = {arXiv:1509.02971},
    archivePrefix = {arXiv},
    eprint = {1509.02971},
    primaryClass = {cs.LG},
    adsurl = {https://ui.adsabs.harvard.edu/abs/2015arXiv150902971L},
    adsnote = {Provided by the SAO/NASA Astrophysics Data System}
}

@article {
    Sharpe49,
	author = {Sharpe, William F.},
	title = {The Sharpe Ratio},
	volume = {21},
	number = {1},
	pages = {49--58},
	year = {1994},
	doi = {10.3905/jpm.1994.409501},
	publisher = {Institutional Investor Journals Umbrella},
	issn = {0095-4918},
	URL = {https://jpm.pm-research.com/content/21/1/49},
	eprint = {https://jpm.pm-research.com/content/21/1/49.full.pdf},
	journal = {The Journal of Portfolio Management}
}

@ARTICLE{935097,
  author={J. {Moody} and M. {Saffell}},
  journal={IEEE Transactions on Neural Networks}, 
  title={Learning to trade via direct reinforcement}, 
  year={2001},
  volume={12},
  number={4},
  pages={875-889},}

@article{
    BERUTICH2016307,
    title = "Robust technical trading strategies using GP for algorithmic portfolio selection",
    journal = "Expert Systems with Applications",
    volume = "46",
    pages = "307 - 315",
    year = "2016",
    issn = "0957-4174",
    doi = "https://doi.org/10.1016/j.eswa.2015.10.040",
    url = "http://www.sciencedirect.com/science/article/pii/S0957417415007447",
    author = "José Manuel Berutich and Francisco López and Francisco Luna and David Quintana",
    keywords = "Genetic programming, Algorithmic trading, Portfolio management, Trading rule, Finance"
}

@Article{
    Tversky1992,
    author={Tversky, Amos
    and Kahneman, Daniel},
    title={Advances in prospect theory: Cumulative representation of uncertainty},
    journal={Journal of Risk and Uncertainty},
    year={1992},
    month={Oct},
    day={01},
    volume={5},
    number={4},
    pages={297-323}},
    issn={1573-0476},
    doi={10.1007/BF00122574},
    url={https://doi.org/10.1007/BF00122574}
}

@article{10.2307/2975974,
 ISSN = {00221082, 15406261},
 URL = {http://www.jstor.org/stable/2975974},
 author = {Harry Markowitz},
 journal = {The Journal of Finance},
 number = {1},
 pages = {77--91},
 publisher = {[American Finance Association, Wiley]},
 title = {Portfolio Selection},
 volume = {7},
 year = {1952}
}

@article{FISCHER2018654,
    title = "Deep learning with long short-term memory networks for financial market predictions",
    journal = "European Journal of Operational Research",
    volume = "270",
    number = "2",
    pages = "654 - 669",
    year = "2018",
    issn = "0377-2217",
    doi = "https://doi.org/10.1016/j.ejor.2017.11.054",
    url = "http://www.sciencedirect.com/science/article/pii/S0377221717310652",
    author = "Thomas Fischer and Christopher Krauss",
    keywords = "Finance, Statistical arbitrage, LSTM, Machine learning, Deep learning"
}