@article{magdon2004maximum,
  title={Maximum drawdown},
  author={Magdon-Ismail, Malik and Atiya, Amir F},
  journal={Risk Magazine},
  volume={17},
  number={10},
  pages={99--102},
  year={2004}
}

%Calmar Ratio
@article{young1991calmar,
  title={Calmar ratio: A smoother tool},
  author={Young, Terry W},
  journal={Futures},
  volume={20},
  number={1},
  pages={40},
  year={1991}
}

%MVO
@article{10.2307/2975974,
 ISSN = {00221082, 15406261},
 URL = {http://www.jstor.org/stable/2975974},
 author = {Harry Markowitz},
 journal = {The Journal of Finance},
 number = {1},
 pages = {77--91},
 publisher = {[American Finance Association, Wiley]},
 title = {Portfolio Selection},
 volume = {7},
 year = {1952}
}

@article {
    Sharpe49,
	author = {Sharpe, William F.},
	title = {The Sharpe Ratio},
	volume = {21},
	number = {1},
	pages = {49--58},
	year = {1994},
	doi = {10.3905/jpm.1994.409501},
	publisher = {Institutional Investor Journals Umbrella},
	issn = {0095-4918},
	URL = {https://jpm.pm-research.com/content/21/1/49},
	eprint = {https://jpm.pm-research.com/content/21/1/49.full.pdf},
	journal = {The Journal of Portfolio Management}
}

@misc{bacon2009sharp,
  title={How sharp is the Sharpe ratio? Risk-adjusted Performance Measures},
  author={Bacon, Carl and Chairman, StatPro},
  year={2009},
  publisher={Stat Pro publications}
}

@INPROCEEDINGS{9206647,
  author={Z. {Zhang} and M. {Khushi}},
  booktitle={2020 International Joint Conference on Neural Networks (IJCNN)}, 
  title={GA-MSSR: Genetic Algorithm Maximizing Sharpe and Sterling Ratio Method for RoboTrading}, 
  year={2020},
  volume={},
  number={},
  pages={1-8},
  doi={10.1109/IJCNN48605.2020.9206647}
}

@phdthesis{pratap2004maximum,
  title={Maximum drawdown of a Brownian motion and AlphaBoost: a boosting algorithm},
  author={Pratap, Amrit},
  year={2004},
  school={California Institute of Technology}
}
@INPROCEEDINGS{1196267,
  author={M. {Magdon-Ismail} and A. {Atiya} and A. {Pratap} and Y. {Abu-Mostafa}},
  booktitle={2003 IEEE International Conference on Computational Intelligence for Financial Engineering, 2003. Proceedings.}, 
  title={The maximum drawdown of the Brownian motion}, 
  year={2003},
  volume={},
  number={},
  pages={243-247},
  doi={10.1109/CIFER.2003.1196267},
  ISSN={},
  month={March},}
  
  
@article{cogneau2009101,
  title={The 101 ways to measure portfolio performance},
  author={Cogneau, Philippe and H{\"u}bner, Georges},
  journal={Available at SSRN 1326076},
  year={2009}
}
