
@article{FISCHER2018654,
    title = "Deep learning with long short-term memory networks for financial market predictions",
    journal = "European Journal of Operational Research",
    volume = "270",
    number = "2",
    pages = "654 - 669",
    year = "2018",
    issn = "0377-2217",
    doi = "https://doi.org/10.1016/j.ejor.2017.11.054",
    url = "http://www.sciencedirect.com/science/article/pii/S0377221717310652",
    author = "Thomas Fischer and Christopher Krauss",
    keywords = "Finance, Statistical arbitrage, LSTM, Machine learning, Deep learning"
}

@article{KRAUSS2017689,
    title = "Deep neural networks, gradient-boosted trees, random forests: Statistical arbitrage on the S\&P 500",
    journal = "European Journal of Operational Research",
    volume = "259",
    number = "2",
    pages = "689 - 702",
    year = "2017",
    issn = "0377-2217",
    doi = "https://doi.org/10.1016/j.ejor.2016.10.031",
    url = "http://www.sciencedirect.com/science/article/pii/S0377221716308657",
    author = "Christopher Krauss and Xuan Anh Do and Nicolas Huck",
    keywords = "Finance, Deep learning, Gradient-boosting, Random forests, Ensemble learning"
}

@ARTICLE{moody2001learning,
  author={J. {Moody} and M. {Saffell}},
  journal={IEEE Transactions on Neural Networks}, 
  title={Learning to trade via direct reinforcement}, 
  year={2001},
  volume={12},
  number={4},
  pages={875-889},}

@article{
    BERUTICH2016307,
    title = "Robust technical trading strategies using GP for algorithmic portfolio selection",
    journal = "Expert Systems with Applications",
    volume = "46",
    pages = "307 - 315",
    year = "2016",
    issn = "0957-4174",
    doi = "https://doi.org/10.1016/j.eswa.2015.10.040",
    url = "http://www.sciencedirect.com/science/article/pii/S0957417415007447",
    author = "José Manuel Berutich and Francisco López and Francisco Luna and David Quintana",
    keywords = "Genetic programming, Algorithmic trading, Portfolio management, Trading rule, Finance"
}

@ARTICLE{OpenAIGym,
    author = {{Brockman}, Greg and {Cheung}, Vicki and {Pettersson}, Ludwig and
         {Schneider}, Jonas and {Schulman}, John and {Tang}, Jie and
         {Zaremba}, Wojciech},
        title = "{OpenAI Gym}",
      journal = {arXiv e-prints},
     keywords = {Computer Science - Machine Learning, Computer Science - Artificial Intelligence},
         year = 2016,
        month = jun,
          eid = {arXiv:1606.01540},
        pages = {arXiv:1606.01540},
    archivePrefix = {arXiv},
       eprint = {1606.01540},
    primaryClass = {cs.LG},
       adsurl = {https://ui.adsabs.harvard.edu/abs/2016arXiv160601540B},
      adsnote = {Provided by the SAO/NASA Astrophysics Data System}
}

@ARTICLE{DDPG,
    author = {{Lillicrap}, Timothy P. and {Hunt}, Jonathan J. and {Pritzel}, Alexander and {Heess}, Nicolas and {Erez}, Tom and {Tassa}, Yuval and
    {Silver}, David and {Wierstra}, Daan},
    title = "{Continuous control with deep reinforcement learning}",
    journal = {arXiv e-prints},
    keywords = {Computer Science - Machine Learning, Statistics - Machine Learning},
    year = 2015,
    month = sep,
    eid = {arXiv:1509.02971},
    pages = {arXiv:1509.02971},
    archivePrefix = {arXiv},
    eprint = {1509.02971},
    primaryClass = {cs.LG},
    adsurl = {https://ui.adsabs.harvard.edu/abs/2015arXiv150902971L},
    adsnote = {Provided by the SAO/NASA Astrophysics Data System}
}

@misc{haarnoja2018soft,
      title={Soft Actor-Critic: Off-Policy Maximum Entropy Deep Reinforcement Learning with a Stochastic Actor}, 
      author={Tuomas Haarnoja and Aurick Zhou and Pieter Abbeel and Sergey Levine},
      year={2018},
      eprint={1801.01290},
      archivePrefix={arXiv},
      primaryClass={cs.LG}
}

@INPROCEEDINGS{618952,
    author={J. {Moody} and  {Lizhong Wu}},
    booktitle={Proceedings of the IEEE/IAFE 1997 Computational Intelligence for Financial Engineering (CIFEr)},
    title={Optimization of trading systems and portfolios},
    year={1997},  volume={},  number={},  pages={300-307},  doi={10.1109/CIFER.1997.618952}
}

@article{moody1998performance,
  title={Performance functions and reinforcement learning for trading systems and portfolios},
  author={Moody, John and Wu, Lizhong and Liao, Yuansong and Saffell, Matthew},
  journal={Journal of Forecasting},
  volume={17},
  number={5-6},
  pages={441--470},
  year={1998},
  publisher={Wiley Online Library}
}



@INPROCEEDINGS{1196283,
  author={C. {Gold}},
  booktitle={2003 IEEE International Conference on Computational Intelligence for Financial Engineering, 2003. Proceedings.}, 
  title={FX trading via recurrent reinforcement learning}, 
  year={2003},
  volume={},
  number={},
  pages={363-370},
  doi={10.1109/CIFER.2003.1196283}}


@article{DEMPSTER2006543,
title = "An automated FX trading system using adaptive reinforcement learning",
journal = "Expert Systems with Applications",
volume = "30",
number = "3",
pages = "543 - 552",
year = "2006",
note = "Intelligent Information Systems for Financial Engineering",
issn = "0957-4174",
doi = "https://doi.org/10.1016/j.eswa.2005.10.012",
url = "http://www.sciencedirect.com/science/article/pii/S0957417405003015",
author = "M.A.H. Dempster and V. Leemans"
}

@article{pongrlkit,
  year = "2019",
  title={RLkit: Reinforcement learning framework and algorithms implemented in PyTorch, 2019},
  author={Pong, Vitchyr and Dalal, M and Lin, S and Nair, A},
  journal={URL https://github.com/vitchyr/rlkit}
}

@article{brockman2016openai,
  title={Openai gym},
  author={Brockman, Greg and Cheung, Vicki and Pettersson, Ludwig and Schneider, Jonas and Schulman, John and Tang, Jie and Zaremba, Wojciech},
  journal={arXiv preprint arXiv:1606.01540},
  year={2016}
}

@article{mnih2013playing,
  title={Playing atari with deep reinforcement learning},
  author={Mnih, Volodymyr and Kavukcuoglu, Koray and Silver, David and Graves, Alex and Antonoglou, Ioannis and Wierstra, Daan and Riedmiller, Martin},
  journal={arXiv preprint arXiv:1312.5602},
  year={2013}
}

@article{levine2016end,
  title={End-to-end training of deep visuomotor policies},
  author={Levine, Sergey and Finn, Chelsea and Darrell, Trevor and Abbeel, Pieter},
  journal={The Journal of Machine Learning Research},
  volume={17},
  number={1},
  pages={1334--1373},
  year={2016},
  publisher={JMLR. org}
}

@inproceedings{fujimoto2018addressing,
  title={Addressing function approximation error in actor-critic methods},
  author={Fujimoto, Scott and Hoof, Herke and Meger, David},
  booktitle={International Conference on Machine Learning},
  pages={1587--1596},
  year={2018},
  organization={PMLR}
}

@inproceedings{silver2014deterministic,
  title={Deterministic policy gradient algorithms},
  author={Silver, David and Lever, Guy and Heess, Nicolas and Degris, Thomas and Wierstra, Daan and Riedmiller, Martin},
  booktitle={International conference on machine learning},
  pages={387--395},
  year={2014},
  organization={PMLR}
}

@article{schulman2017proximal,
  title={Proximal policy optimization algorithms},
  author={Schulman, John and Wolski, Filip and Dhariwal, Prafulla and Radford, Alec and Klimov, Oleg},
  journal={arXiv preprint arXiv:1707.06347},
  year={2017}
}

@inproceedings{schulman2015trust,
  title={Trust region policy optimization},
  author={Schulman, John and Levine, Sergey and Abbeel, Pieter and Jordan, Michael and Moritz, Philipp},
  booktitle={International conference on machine learning},
  pages={1889--1897},
  year={2015},
  organization={PMLR}
}